## komentarz 

@INPROCEEDINGS{Szominski2013,
author={Szominski, S. and Gadek, K. and Konarski, M. and Blaszczyk, B. and Anielski, P. and Turek, W.},
booktitle={Computer Science and Information Systems (FedCSIS), 2013 Federated Conference on},
title={Development of a cyber-physical system for mobile robot control using Erlang},
year={2013},
month={Sept},
pages={1441-1448}
}